@Article{Belady:1966,
    author = {Bélády, László A.},
    title = {A Study of Replacement Algorithms for Virtual-Storage Computer},
    journaltitle = {IBM Systems Journal},
    date = {1966-06},
    language = {langenglish},
    volume = {5},
    issue = {2},
    pages = {78--101},
    issn = {0018-8670},
    doi = {10.1147/sj.52.0078}
}

@Article{Effelsberg:1984,
    author = {Effelsberg, Wolfgang and 
              Härder, Theo},
    title = {Principles of Database Buffer Management},
    journaltitle = {ACM Transactions on Database Systems},
    date = {1984-12},
    editor = {Taylor, Robert W.},
    language = {langenglish},
    volume = {9},
    issue = {4},
    pages = {560--595},
    issn = {0362-5915},
    doi = {10.1145/1994.2022}
}

@Inproceedings{Bayer:1970,
    author = {Bayer, R. and
              McCreight, E.},
    title = {Organization and Maintenance of Large Ordered Indices},
    booktitle = {Proceedings of the 1970 ACM SIGFIDET Workshop on Data Description, Access and Control},
    location = {Houston, Texas},
    series = {SIGFIDET ’70},
    date = {1970-11},
    language = {langenglish},
    pages = {107--141},
    publisher = {Association for Computing Machinery},
    address = {New York, NY, USA},
    isbn = {9781450379410},
    doi = {10.1145/1734663.1734671}
}

@Article{Graefe:2012,
    author = {Graefe, Goetz and 
              Kimura, Hideaki and 
              Kuno, Harumi},
    title = {Foster b-trees},
    journaltitle = {ACM Transactions on Database Systems},
    date = {2012-08},
    editor = {Özsoyoğlu, Zehra Meral},
    editortype = {editor},
    language = {langenglish},
    volume = {37},
    issue = {3},
    pages = {17:1--17:29},
    issn = {0362-5915},
    doi = {10.1145/2338626.2338630},
    url = {http://dl.acm.org/citation.cfm?id=2338630},
    urldate = {2016-01-13}
}

@Inproceedings{Graefe:2014,
    author = {Graefe, Goetz and 
    Volos, Haris and 
    Kimura, Hideaki and 
    Kuno, Harumi and 
    Tucek, Joseph and 
    Lillibridge, Mark and 
    Veitch, Alistair},
    title = {In-Memory Performance for Big Data},
    booktitle = {Proceedings of the VLDB Endowment},
    date = {2014-09},
    editor = {Li, Chen and 
    Markl, Volker},
    editortype = {editor},
    editora = {Jagadish, H. V.},
    editoratype = {founding},
    editorb = {Chang, Kevin and 
    Babu, Shivnath and 
    Balazinska, Magdalena and 
    Naumann, Felix and
    Manegold, Stefan and
    Chen, Yi and
    Ozcan, Fatma and
    Patel, Jignesh and
    Gemulla, Rainer},
    editorbtype = {collaborator},
    maintitle = {Proceedings of the 41st International Conference on Very 
    Large Data Bases},
    eventtitle = {The 41st International Conference on Very Large Data Bases},
    eventdate = {2015-08-31/2015-09-04},
    language = {langenglish},
    volume = {8},
    series = {Proceedings of the VLDB Endowment},
    number = {1},
    organization = {Very Large Data Base Endowment Inc.},
    location = {Kohala Coast, Hawaii},
    pages = {37--48},
    issn = {2150-8097},
    doi = {10.14778/2735461.2735465},
    url = {http://www.vldb.org/pvldb/vol8/p37-graefe.pdf},
    urldate = {2016-12-13}
}